\begin{thebibliography}{99}
\newcommand{\arxiv}[1]{\href{http://arxiv.org/abs/#1}{{arXiv:#1}}}

\bibitem{Caires} L.\ Caires, Logical Semantics of Types for Concurrency, {\em Algebra and Coalgebra in Computer Science}, Lecture Notes in Computer Science (2007) 16--35.  Also available at \href{http://ctp.di.fct.unl.pt/~lcaires/papers/CALCO-Caires-1.0.pdf}{http://ctp.di.fct.unl.pt/$\sim$lcaires/papers/CALCO-Caires-1.0.pdf}

\bibitem{Curry} H.\ Curry, Grundlagen der Kombinatorischen Logik, {\em American Journal of Mathematics} {\bf 52 (3)} (1930) 509--536.

\bibitem{Graetzer} G.\ Gr\"atzer, {\em Universal Algebra} (1968) v.

\bibitem{HylandPower} M.\ Hyland and J.\ Power, The Category Theoretic Understanding of Universal Algebra: Lawvere Theories and Monads, {\em Electronic Notes in Theoretical Computer Science} {\bf 172} (2007) 437--458.  Also available at\\
\href{http://www.dpmms.cam.ac.uk/~martin/Research/Publications/2007/hp07.pdf}{http://www.dpmms.cam.ac.uk/$\sim$martin/Research/Publications/2007/hp07.pdf}

\bibitem{LackRosicky} S.\ Lack and J.\ Rosick\'y, Notions of Lawvere theory, {\em Applied Categorical Structures}, {\bf 19 (1)} (2011), 363--391.  Also available at \arxiv{0810.2578}.

\bibitem{Lambek} J.\ Lambek, From lambda calculus to Cartesian closed categories, in J.\ P.\ Seldin and J.\ Hindley, eds., {\em To H. B. Curry: Essays on Combinatory Logic, Lambda Calculus and Formalism} (1980) 376--402.

\bibitem{Lawvere} F.\ W.\ Lawvere, {\sl Functorial Semantics of Algebraic Theories}, Ph.D.\ Dissertation, Columbia University, 1963. Also available at \\
\href{http://www.tac.mta.ca/tac/reprints/articles/5/tr5abs.html}{http://www.tac.mta.ca/tac/reprints/articles/5/tr5abs.html}.

\bibitem{Schonfinkel} M.\ Sch\"onfinkel, \"Uber die Bausteine der mathematischen Logik, {\em Mathematische Annalen} {\bf 92} (1924) 305--316. Translated by S.\ Bauer-Mengelberg as ``On the building blocks of mathematical logic'' in J.\ van Heijenoort, {\em A Source Book in Mathematical Logic 1879â€“1931} (1967) 355--66.

\bibitem{HDRA} M.\ Stay and Lucius Gregory Meredith, Higher category models of the $\pi$-calculus, {\em Proceedings of Higher-Dimensional Rewriting and Applications} (2015).  Available at \arxiv{1504.04311}.

\bibitem{KFramework} \href{http://www.kframework.org/index.php/Main_Page}{http://www.kframework.org/index.php/Main\_Page}.

\bibitem{Kiama} \href{https://bitbucket.org/inkytonik/kiama}{https://bitbucket.org/inkytonik/kiama}

\bibitem{MeredithStayDrossopolou} L.G. Meredith, Mike Stay, and Sophia Drossopoulou, ``Policy as Types.'' Available at \arxiv{1307.7766}.

\bibitem{MillerYeeShapiro} M.\ Miller, K.-P.\ Yee, J.\ Shapiro, Capability Myths Demolished.  Available at\\
\href{http://zesty.ca/capmyths/usenix.pdf}{http://zesty.ca/capmyths/usenix.pdf}.

\bibitem{Trimble} T.\ Trimble, Multisorted Lawvere theories,\\ \href{https://ncatlab.org/toddtrimble/published/multisorted+Lawvere+theories}{\nolinkurl https://ncatlab.org/toddtrimble/published/multisorted+Lawvere+theories}.

[[ Greg: add refs for RHOcalc, NamespaceLogic ]]
\end{thebibliography}