%-*- mode: BibTeX;-*-
%Filename:    Xbib.bib
%Authors:     salmanb
%Creation:    Wed Aug 06 11:39:26 2003
%Copyright:   Not supplied
%Description:
------------------------------------------------------------------------

@article{ milner91polyadicpi,
    author = "Robin Milner",
    title = "The polyadic $\pi$-calculus: A tutorial",
    journal = "Logic and Algebra of Specification",
    editor = "F.L. Hamer, W. Brauer, H. Schwichtenberg",
    volume = "Springer-Verlag",
    year = "1993",
    url = "http://www.lfcs.informatics.ed.ac.uk/reports/91/ECS-LFCS-91-180/ECS-LFCS-91-180.ps" }

@inproceedings{djoin,
  author = "Fournet, C{\'e}dric and Gontheir, Georges and L{\'e}vy, Jean-Jacques and Maranget, Luc and R{\'e}my, Didier",
  title  = "A Calculus of Mobile Agents",
  booktitle = "CONCUR 1996",
  year   = 1996,
  editor = "Ugo Montanari and Vladimiro Sassone",
  volume = 1119,
  series = "Lecture Notes in Computer Science",
  pages  = "406--421",
  publisher = "Springer-Verlag",
  url    = "http:// research.microsoft.com/ ~fournet/ papers/calculus-of-mobile-agents.ps",
}

@article{facile,
  author =       "B. Thomsen",
  title =        "{A Theory of Higher Order Communication Systems}",
  journal =      "Information and Computation",
  year =         "1995",
  volume =       "116",
  number =       "1",
  pages =        "38--57",
}

@article{hop,
  author =       "Davide Sangiorgi",
  title =        "Bisimulation in Higher-Order Process Calculi",
  journal =      "Information and Computation",
  year =         "1996",
  volume =       "131",
  pages =        "141--178",
  URL =          "http://www.inria.fr/RRRT/RR-2508.html",
}

@article{rosette,
  author = "Chris Tomlinson and Won Kim and Mark Scheevel and Vineet Singh and B. Will and Gul Agha",
  title = "Rosette: An object-oriented concurrent systems architecture", 
  journal = "SIGPLAN Notices",
  volume = "24(4)",
  pages = "91-93", 
  year = "1989",
}

@article{r5rs,
  author = "H. Abelson and R.K. Dybvig and C.T. Haynes and G.J. Rozaz and N.I. Adams IV and D.P. Friedman and E. Kohlbecker and G.L. Steele, Jr. and D.H. Bartley and R. Halstead and D. Oxley and G.J. Sussman and G. Brooks and C. Hanson and K.M. Pitman and M. Wand",
  editor = "Richard Kelsey and William Clinger and Jonathan Rees",
  title = "Revised5 Report on the Algorithmic Language Scheme",
  journal = "Higher-order and Symbolic Computation",
  volume = "11",
  pages ="7-105",
  publisher = "Kluwer",
  year = "1998",
}

@article{polysync,
  title = "On the Expressive Power of Polyadic Synchronisation in Pi-Calculus", 
  author = "M.Carbone and S.Maffeis", 
  journal = "Nordic Journal of Computing", 
  volume = "10(2)",
  pages = "70-98",
  year = "2003",
}

@inproceedings{lisp3,
  author = "J. des Rivieres and B. C. Smith",
  title = "The implementation of procedurally reflective languages",
  booktitle = "ACM Symposium on Lisp and Functional Programming", 
  pages = "331-347", 
  year = "1984",
}

@unpublished{globalpi,
  author = "Lucian Wischik",
  title  = "Old Names for Nu",
  note   = "Submitted for publication",
  year   = "2004",
}

@unpublished{JavaReflection,
  author = "Sun Microsoft Inc.",
  title = "Java Core Reflection API and Specification",
  note = "http://sunsite.tus.ac.jp/java/docs/jdk1.1/java-reflection.pdf"
}

@unpublished{biztalk, 
author = "\mbox{Microsoft} Corporation",
title = "Microsoft BizTalk Server",
note = "microsoft.com/biztalk/default.asp", 
}

@unpublished{Fontana,
  author = "Walter Fontana",
  title  = "private conversation",
  year   = "2004",
}

@book{MilnerPi,
  altauthor = 	 {Milner, Robin},
  author = "Robin Milner",
  alteditor = 	 {},
  title = 	 {Communicating and Mobile Systems: the $\pi$-Calculus},
  publisher = 	 {Cambridge University Press},
  year = 	 {1999},
}

@book{SangiorgiWalker,
  altauthor = 	 {D. Sangiorgi and D. Walker},
  author = "David Sangiorgi and David Walker",
  alteditor = 	 {},
  title = 	 {The $\pi$-Calculus: A Theory of Mobile Processes},
  publisher = 	 {Cambridge University Press},
  year = 	 {2001},
}

@inproceedings{Krivine-TheCurryHowardCorre,
  author =     {Jean-Louis Krivine},
  title =      {The Curry-Howard Correspondence in Set Theory},
  booktitle =          {Proceedings of the Fifteenth Annual IEEE Symp. on Logic in Computer Science, {LICS} 2000},
  pages =      {},
  year =       2000,
  editor =     {Martin Abadi},
  month =      {June},
  location =   {Santa Barbara, CA, USA},
  publisher =  {IEEE Computer Society Press}
  }

@book{Barendregt84,
  author  = {Hendrik Pieter Barendregt},
  title   = {{The Lambda Calculus -- Its Syntax and Semantics}},
  publisher = {North-Holland},
  year    = 1984,
  volume  = {103},
  series  = {Studies in Logic and the Foundations of Mathematics},
  topics  = {FP - Lambda Calculi}
}

@book{ONAG,
  author  = {John Horton Conway},
  title   = {{On Numbers and Games}},
  publisher = {Academic Press},
  year    = 1976,
}

@inproceedings{DBLP:conf/tacs/Milner97,
  author    = {Robin Milner},
  title     = {Strong Normalisation in Higher-Order Action Calculi.},
  booktitle = {TACS},
  year      = {1997},
  pages     = {1-19},
  crossref  = {conf/tacs/1997},
  bibsource = {DBLP, http://dblp.uni-trier.de}
}

@inproceedings{DBLP:conf/concur/HermidaP95,
  author    = {Claudio Hermida and
               John Power},
  title     = {Fibrational Control Structures.},
  booktitle = {CONCUR},
  year      = {1995},
  pages     = {117-129},
  crossref  = {conf/concur/1995},
  bibsource = {DBLP, http://dblp.uni-trier.de}
}

@incollection{GabbayMJ:picfm,
  author = 	 {M.~J.~Gabbay},
  title = 	 {The $\pi$-calculus in {FM}},
  booktitle = 	 {Thirty-five years of {A}utomath},
  publisher =    {Kluwer},
  year = 	 {2003},
  editor = 	 {Fairouz Kamareddine},
  }

@article{DBLP:journals/entcs/MeredithR05,
  author = {L. Gregory Meredith and Matthias Radestock},
  bibsource = {DBLP, http://dblp.uni-trier.de},
  date-added = {2007-05-14 14:24:05 -0500},
  date-modified = {2007-05-14 14:24:06 -0500},
  ee = {http://dx.doi.org/10.1016/j.entcs.2005.05.016},
  journal = {Electr. Notes Theor. Comput. Sci.},
  number = {5},
  pages = {49-67},
  title = {A Reflective Higher-order Calculus.},
  volume = {141},
  year = {2005}
}

@inproceedings{DBLP:conf/tgc/MeredithR05,
  author = {L. Gregory Meredith and Matthias Radestock},
  bibsource = {DBLP, http://dblp.uni-trier.de},
  booktitle = {TGC},
  crossref = {DBLP:journals/entcs/MeredithR05},
  date-added = {2007-05-14 14:24:05 -0500},
  date-modified = {2007-05-14 14:24:06 -0500},
  ee = {http://dx.doi.org/10.1007/11580850_19},
  pages = {353-369},
  title = {Namespace Logic: A Logic for a Reflective Higher-Order Calculus.},
  year = {2005}
}

@inproceedings{Drossopoulou:2013:NCP:2489804.2489811,
 author = {Drossopoulou, Sophia and Noble, James},
 title = {The need for capability policies},
 booktitle = {Proceedings of the 15th Workshop on Formal Techniques for Java-like Programs},
 series = {FTfJP '13},
 year = {2013},
 isbn = {978-1-4503-2042-9},
 location = {Montpellier, France},
 pages = {6:1--6:7},
 articleno = {6},
 numpages = {7},
 url = {http://doi.acm.org/10.1145/2489804.2489811},
 doi = {10.1145/2489804.2489811},
 acmid = {2489811},
 publisher = {ACM},
 address = {New York, NY, USA},
 keywords = {Grace, Java, JavaScript, object-capability security, security},
} 

@inproceedings{DBLP:conf/fossacs/Caires04,
 author = {Lu\'{i}s Caires},
 bibsource = {DBLP, http://dblp.uni-trier.de},
 booktitle = {FoSSaCS},
 date-added = {2007-05-14 14:24:05 -0500},
 date-modified = {2007-05-14 14:24:06 -0500},
 ee = {http://springerlink.metapress.com/openurl.asp?genre=article{\&}issn=0302-9743{\&}volume=2987{\&}spage=72},
 pages = {72-89},
 title = {Behavioral and Spatial Observations in a Logic for the pi-Calculus.},
 year = {2004}
}

@inproceedings{Honda:2008:UTP:2227536.2227558,
 author = {Honda, Kohei and Yoshida, Nobuko},
 title = {A unified theory of program logics: an approach based on the $\pi$-calculus},
 booktitle = {Proceedings of the 2008 international conference on Visions of Computer Science: BCS International Academic Conference},
 series = {VoCS'08},
 year = {2008},
 location = {London, UK},
 pages = {259--274},
 numpages = {16},
 url = {http://dl.acm.org/citation.cfm?id=2227536.2227558},
 acmid = {2227558},
 publisher = {British Computer Society},
 address = {Swinton, UK, UK},
 keywords = {Hennessy-Milner logics, hoare logics, logical full abstraction, relay-guarantee logic, the {\$\pi\$}-calculus, types},
}

@incollection{DBLP:LNCS/Sangiorgi06,
year={2006},
isbn={978-3-540-34893-1},
booktitle={Formal Methods for Open Object-Based Distributed Systems},
volume={4037},
series={Lecture Notes in Computer Science},
editor={Gorrieri, Roberto and Wehrheim, Heike},
doi={10.1007/11768869_3},
title={The Bisimulation Proof Method: Enhancements and Open Problems},
url={http://dx.doi.org/10.1007/11768869_3},
publisher={Springer Berlin Heidelberg},
author={Sangiorgi, Davide},
pages={18-19}
}

@article{Meredith:2003:CT:944217.944236,
 author = {Meredith, L. G. and Bjorg, Steve},
 title = {Contracts and types},
 journal = {Commun. ACM},
 issue_date = {October 2003},
 volume = {46},
 number = {10},
 month = oct,
 year = {2003},
 issn = {0001-0782},
 pages = {41--47},
 numpages = {7},
 url = {http://doi.acm.org/10.1145/944217.944236},
 doi = {10.1145/944217.944236},
 acmid = {944236},
 publisher = {ACM},
 address = {New York, NY, USA},
} 

@techreport{Yee:EECS-2007-136,
    Author = {Yee, Ka-Ping},
    Title = {Report on the Pvote security review},
    Institution = {EECS Department, University of California, Berkeley},
    Year = {2007},
    Month = {Nov},
    URL = {http://www.eecs.berkeley.edu/Pubs/TechRpts/2007/EECS-2007-136.html},
    Number = {UCB/EECS-2007-136},
    Abstract = {This document reports on the source code review of the Pvote software.  Pvote is prototype software for electronic voting machines.  The software and the scope of the review are described in UCB EECS Technical Report 2007-40.}
}

@misc{Caja:2013,
 author = {Google Inc.},
 title = {Html Service: Caja Sanitization},
 howpublished = {\url{https://developers.google.com/apps-script/guides/html-service-caja}},
 year = 2013,
 url = {https://developers.google.com/apps-script/guides/html-service-caja}
}

@article{Abramsky:1992:PP:194588.194591,
 author = {Abramsky, Samson},
 title = {Proofs as processes},
 journal = {Theor. Comput. Sci.},
 issue_date = {Dec. 5, 1994},
 volume = {135},
 number = {1},
 month = apr,
 year = {1992},
 issn = {0304-3975},
 pages = {5--9},
 numpages = {5},
 url = {http://dx.doi.org/10.1016/0304-3975(94)00103-0},
 doi = {10.1016/0304-3975(94)00103-0},
 acmid = {194591},
 publisher = {Elsevier Science Publishers Ltd.},
 address = {Essex, UK},
} 

@misc{Eich:2013,
  author        = "Eich, Brendan",
  howpublished  = "\url{https://mail.mozilla.org/pipermail/es-discuss/2013-March/029080.html}",
  year          = "2013",
  url           = {https://mail.mozilla.org/pipermail/es-discuss/2013-March/029080.html}
}

@incollection{PierceTurner:PictDesign,
  author = {Benjamin C. Pierce and David N. Turner},
  title = {Pict: A Programming Language Based on the Pi-Calculus},
  year = {2000},
  booktitle = {Proof, Language and Interaction: Essays in Honour of Robin
                  Milner},
  editor = {Gordon Plotkin and Colin Stirling and Mads Tofte},
  publisher = {MIT Press},
  pages = {455--494},
  checked = {Yes},
  plclub = {Yes},
  bcp = {Yes},
  full = {http://www.cis.upenn.edu/~bcpierce/papers/pict-design.ps},
  keys = {pict}
}

@phdthesis{kosik:dep,
  author = {Matej Ko\u{s}\'{i}k},
  title = {{A Contribution to Techniques for Building Dependable Operating Systems}},
  year = 2011,
  month = may,
  school = {Slovak University of Technology in Bratislava}
}

@inproceedings{conf/fsttcs/Odersky95,
  added-at = {2009-10-02T00:00:00.000+0200},
  author = {Odersky, Martin},
  biburl = {http://www.bibsonomy.org/bibtex/25aa2b65adde4f157bef1d8961cdb872f/dblp},
  booktitle = {FSTTCS},
  crossref = {conf/fsttcs/1995},
  date = {2009-10-02},
  description = {dblp},
  editor = {Thiagarajan, P. S.},
  ee = {http://dx.doi.org/10.1007/3-540-60692-0_58},
  interhash = {eb6016cd6d3e59db601e3995b55868f9},
  intrahash = {5aa2b65adde4f157bef1d8961cdb872f},
  isbn = {3-540-60692-0},
  keywords = {dblp},
  pages = {324-337},
  publisher = {Springer},
  series = {Lecture Notes in Computer Science},
  timestamp = {2009-10-02T00:00:00.000+0200},
  title = {Polarized Name Passing.},
  url = {http://dblp.uni-trier.de/db/conf/fsttcs/fsttcs95.html#Odersky95},
  volume = 1026,
  year = 1995
}

@MISC{Caires04eliminationof,
  author = {Lu\'{i}s Caires and Etienne Lozes},
  title = {Elimination of Quantifiers and Undecidability in Spatial Logics for Concurrency},
  year = {2004}
}

@article{Hoare:1969:ABC:363235.363259,
 author = {Hoare, C. A. R.},
 title = {An axiomatic basis for computer programming},
 journal = {Commun. ACM},
 issue_date = {Oct. 1969},
 volume = {12},
 number = {10},
 month = oct,
 year = {1969},
 issn = {0001-0782},
 pages = {576--580},
 numpages = {5},
 url = {http://doi.acm.org/10.1145/363235.363259},
 doi = {10.1145/363235.363259},
 acmid = {363259},
 publisher = {ACM},
 address = {New York, NY, USA},
 keywords = {axiomatic method, formal language definition, machine-independent programming, program documentation, programming language design, theory of programming' proofs of programs},
} 
@INPROCEEDINGS{CirsteaFaureKirchnerWLRA2004,
  author = {Cirstea,~Horatiu and Faure,~Germain and Kirchner,~Claude},
  title = {A rho-calculus of explicit constraint application},
  booktitle = {Proceedings of the 5th workshop on rewriting logic
                     and applications},
  year = {2004},
  publisher = {vol. 117 of Electronic Notes in Theoretical Computer Science},
  pdf = {data/wrla2004-19.pdf}
}
@misc{Protunity,
  author = {Wadood Ibrahim and Jassen Klassen and Lucius G. Meredith},
  title = {Protunity Business Matching Network},
  howpublished = {\url{http://www.protunity.com}},
  note = {Launched April 2013}
}
@misc{SpecialK,
  author = {Lucius G. Meredith},
  title = {SpecialK Scala Library},
  howpublished = {\url{https://github.com/leithaus/SpecialK}},
  note = {Launched April 2013}
}
@INPROCEEDINGS{Brown05piduce:a,
    author = {Allen L. Brown and Cosimo Laneve and L. Gregory Meredith},
    title = {PiDuce: A process calculus with native XML datatypes},
    booktitle = {In Proc. of EPEW05/WS-F0M5, volume 3670 of Lect},
    year = {2005},
    pages = {18--34},
    publisher = {Springer}
}