%-*- mode: BibTeX;-*-
%Filename:    Xbib.bib
%Authors:     salmanb
%Creation:    Wed Aug 06 11:39:26 2003
%Copyright:   Not supplied
%Description:
------------------------------------------------------------------------

@misc{0910.2401,
Author = {Samson Abramsky},
Title = {No-Cloning In Categorical Quantum Mechanics},
Year = {2009},
Eprint = {arXiv:0910.2401}
}

@article{ bcb,
		title = "bicartesian closed category",
		url = "http://ncatlab.org/nlab/show/bicartesian+closed+category" }
		
@article { hirschowitzcc2c,
		title = "Cartesian closed 2-categories and permutation equivalence in higher-order rewriting",
		journal = "Logical Methods in Computer Science",
		volume = "9(3:10)2013",
    pages = "1--22",
		url = "http://arxiv.org/pdf/1307.6318.pdf" }

@article{ milner91polyadicpi,
    author = "Robin Milner",
    title = "The polyadic $\pi$-calculus: A tutorial",
    journal = "Logic and Algebra of Specification",
    editor = "F.L. Hamer, W. Brauer, H. Schwichtenberg",
    volume = "Springer-Verlag",
    year = "1993",
    url = "http://www.lfcs.informatics.ed.ac.uk/reports/91/ECS-LFCS-91-180/ECS-LFCS-91-180.ps" }

@article{DBLP:journals/mscs/Milner92,
  author    = {Robin Milner},
  title     = {Functions as Processes},
  journal   = {Mathematical Structures in Computer Science},
  volume    = {2},
  number    = {2},
  pages     = {119--141},
  year      = {1992},
  url       = {http://dx.doi.org/10.1017/S0960129500001407},
  doi       = {10.1017/S0960129500001407},
  timestamp = {Fri, 10 Jun 2011 14:42:16 +0200},
  biburl    = {http://dblp.uni-trier.de/rec/bib/journals/mscs/Milner92},
  bibsource = {dblp computer science bibliography, http://dblp.org}
}

@inproceedings{DBLP:conf/concur/LeiferM00,
  author    = {James J. Leifer and
               Robin Milner},
  title     = {Deriving Bisimulation Congruences for Reactive Systems},
  booktitle = {{CONCUR} 2000 - Concurrency Theory, 11th International Conference,
               University Park, PA, USA, August 22-25, 2000, Proceedings},
  pages     = {243--258},
  year      = {2000},
  crossref  = {DBLP:conf/concur/2000},
  url       = {http://dx.doi.org/10.1007/3-540-44618-4_19},
  doi       = {10.1007/3-540-44618-4_19},
  timestamp = {Tue, 21 Jun 2011 16:38:52 +0200},
  biburl    = {http://dblp.uni-trier.de/rec/bib/conf/concur/LeiferM00},
  bibsource = {dblp computer science bibliography, http://dblp.org}
}

@proceedings{DBLP:conf/concur/2000,
  editor    = {Catuscia Palamidessi},
  title     = {{CONCUR} 2000 - Concurrency Theory, 11th International Conference,
               University Park, PA, USA, August 22-25, 2000, Proceedings},
  series    = {Lecture Notes in Computer Science},
  volume    = {1877},
  publisher = {Springer},
  year      = {2000},
  isbn      = {3-540-67897-2},
  timestamp = {Thu, 03 Jan 2002 11:55:34 +0100},
  biburl    = {http://dblp.uni-trier.de/rec/bib/conf/concur/2000},
  bibsource = {dblp computer science bibliography, http://dblp.org}
}

@INPROCEEDINGS{Sassone02derivingbisimulation,
    author = {Vladimiro Sassone and Pawe L Sobocinski},
    title = {Deriving Bisimulation Congruences: A 2-categorical Approach},
    booktitle = {In FOSSACS 03, volume 2620 of LNCS},
    year = {2002},
    pages = {409--424},
    publisher = {Springer}
}

@INPROCEEDINGS{Plotkin04theorigins,
    author = {Gordon D. Plotkin},
    title = {The origins of structural operational semantics},
    booktitle = {Journal of Logic and Algebraic Programming},
    year = {2004},
    pages = {60--61}
}

@inproceedings{DBLP:conf/lics/McCusker96,
  author    = {Guy McCusker},
  title     = {Games and Full Abstraction for {FPC}},
  booktitle = {Proceedings, 11th Annual {IEEE} Symposium on Logic in Computer Science,
               New Brunswick, New Jersey, USA, July 27-30, 1996},
  pages     = {174--183},
  year      = {1996},
  crossref  = {DBLP:conf/lics/1996},
  url       = {http://dx.doi.org/10.1109/LICS.1996.561316},
  doi       = {10.1109/LICS.1996.561316},
  timestamp = {Sat, 22 Nov 2014 13:44:44 +0100},
  biburl    = {http://dblp.uni-trier.de/rec/bib/conf/lics/McCusker96},
  bibsource = {dblp computer science bibliography, http://dblp.org}
}

@proceedings{DBLP:conf/lics/1996,
  title     = {Proceedings, 11th Annual {IEEE} Symposium on Logic in Computer Science,
               New Brunswick, New Jersey, USA, July 27-30, 1996},
  publisher = {{IEEE} Computer Society},
  year      = {1996},
  url       = {http://ieeexplore.ieee.org/xpl/mostRecentIssue.jsp?punumber=4265},
  isbn      = {0-8186-7463-6},
  timestamp = {Fri, 21 Nov 2014 14:08:55 +0100},
  biburl    = {http://dblp.uni-trier.de/rec/bib/conf/lics/1996},
  bibsource = {dblp computer science bibliography, http://dblp.org}
}

@article{DBLP:journals/iandc/Moggi91,
  author    = {Eugenio Moggi},
  title     = {Notions of Computation and Monads},
  journal   = {Inf. Comput.},
  volume    = {93},
  number    = {1},
  pages     = {55--92},
  year      = {1991},
  url       = {http://dx.doi.org/10.1016/0890-5401(91)90052-4},
  doi       = {10.1016/0890-5401(91)90052-4},
  timestamp = {Wed, 06 Jul 2011 21:23:46 +0200},
  biburl    = {http://dblp.uni-trier.de/rec/bib/journals/iandc/Moggi91},
  bibsource = {dblp computer science bibliography, http://dblp.org}
}

@inproceedings{DBLP:conf/aplas/MaffeisMT08,
  author    = {Sergio Maffeis and
               John C. Mitchell and
               Ankur Taly},
  title     = {An Operational Semantics for JavaScript},
  booktitle = {Programming Languages and Systems, 6th Asian Symposium, {APLAS} 2008,
               Bangalore, India, December 9-11, 2008. Proceedings},
  pages     = {307--325},
  year      = {2008},
  crossref  = {DBLP:conf/aplas/2008},
  url       = {http://dx.doi.org/10.1007/978-3-540-89330-1_22},
  doi       = {10.1007/978-3-540-89330-1_22},
  timestamp = {Sun, 30 Nov 2008 11:25:03 +0100},
  biburl    = {http://dblp.uni-trier.de/rec/bib/conf/aplas/MaffeisMT08},
  bibsource = {dblp computer science bibliography, http://dblp.org}
}

@proceedings{DBLP:conf/aplas/2008,
  editor    = {G. Ramalingam},
  title     = {Programming Languages and Systems, 6th Asian Symposium, {APLAS} 2008,
               Bangalore, India, December 9-11, 2008. Proceedings},
  series    = {Lecture Notes in Computer Science},
  volume    = {5356},
  publisher = {Springer},
  year      = {2008},
  isbn      = {978-3-540-89329-5},
  timestamp = {Sun, 30 Nov 2008 11:23:30 +0100},
  biburl    = {http://dblp.uni-trier.de/rec/bib/conf/aplas/2008},
  bibsource = {dblp computer science bibliography, http://dblp.org}
}

@inproceedings{DBLP:conf/oopsla/IgarashiPW99,
  author    = {Atsushi Igarashi and
               Benjamin C. Pierce and
               Philip Wadler},
  title     = {Featherwieght Java: {A} Minimal Core Calculus for Java and {GJ}},
  booktitle = {Proceedings of the 1999 {ACM} {SIGPLAN} Conference on Object-Oriented
               Programming Systems, Languages {\&} Applications {(OOPSLA} '99),
               Denver, Colorado, USA, November 1-5, 1999.},
  pages     = {132--146},
  year      = {1999},
  crossref  = {DBLP:conf/oopsla/1999},
  url       = {http://doi.acm.org/10.1145/320384.320395},
  doi       = {10.1145/320384.320395},
  timestamp = {Tue, 11 Jun 2013 10:02:15 +0200},
  biburl    = {http://dblp.uni-trier.de/rec/bib/conf/oopsla/IgarashiPW99},
  bibsource = {dblp computer science bibliography, http://dblp.org}
}

@proceedings{DBLP:conf/oopsla/1999,
  editor    = {Brent Hailpern and
               Linda M. Northrop and
               A. Michael Berman},
  title     = {Proceedings of the 1999 {ACM} {SIGPLAN} Conference on Object-Oriented
               Programming Systems, Languages {\&} Applications {(OOPSLA} '99),
               Denver, Colorado, USA, November 1-5, 1999},
  publisher = {{ACM}},
  year      = {1999},
  url       = {http://dl.acm.org/citation.cfm?id=320384},
  isbn      = {1-58113-238-7},
  timestamp = {Tue, 11 Jun 2013 10:02:15 +0200},
  biburl    = {http://dblp.uni-trier.de/rec/bib/conf/oopsla/1999},
  bibsource = {dblp computer science bibliography, http://dblp.org}
}

@inproceedings{Politz:2013:PFM:2509136.2509536,
 author = {Politz, Joe Gibbs and Martinez, Alejandro and Milano, Matthew and Warren, Sumner and Patterson, Daniel and Li, Junsong and Chitipothu, Anand and Krishnamurthi, Shriram},
 title = {Python: The Full Monty},
 booktitle = {Proceedings of the 2013 ACM SIGPLAN International Conference on Object Oriented Programming Systems Languages \&\#38; Applications},
 series = {OOPSLA '13},
 year = {2013},
 isbn = {978-1-4503-2374-1},
 location = {Indianapolis, Indiana, USA},
 pages = {217--232},
 numpages = {16},
 url = {http://doi.acm.org/10.1145/2509136.2509536},
 doi = {10.1145/2509136.2509536},
 acmid = {2509536},
 publisher = {ACM},
 address = {New York, NY, USA},
 keywords = {serpents},
} 

@article{Politz:2013:PFM:2544173.2509536,
 author = {Politz, Joe Gibbs and Martinez, Alejandro and Milano, Matthew and Warren, Sumner and Patterson, Daniel and Li, Junsong and Chitipothu, Anand and Krishnamurthi, Shriram},
 title = {Python: The Full Monty},
 journal = {SIGPLAN Not.},
 issue_date = {October 2013},
 volume = {48},
 number = {10},
 month = oct,
 year = {2013},
 issn = {0362-1340},
 pages = {217--232},
 numpages = {16},
 url = {http://doi.acm.org/10.1145/2544173.2509536},
 doi = {10.1145/2544173.2509536},
 acmid = {2509536},
 publisher = {ACM},
 address = {New York, NY, USA},
 keywords = {serpents},
} 

@inproceedings{DBLP:conf/lics/Seely87,
  author    = {R. A. G. Seely},
  title     = {Modelling Computations: {A} 2-Categorical Framework},
  booktitle = {Proceedings of the Symposium on Logic in Computer Science {(LICS}
               '87), Ithaca, New York, USA, June 22-25, 1987},
  pages     = {65--71},
  year      = {1987},
  crossref  = {DBLP:conf/lics/1987},
  timestamp = {Thu, 22 Jan 2015 10:47:12 +0100},
  biburl    = {http://dblp.uni-trier.de/rec/bib/conf/lics/Seely87},
  bibsource = {dblp computer science bibliography, http://dblp.org}
}

@proceedings{DBLP:conf/lics/1987,
  title     = {Proceedings of the Symposium on Logic in Computer Science {(LICS}
               '87), Ithaca, New York, USA, June 22-25, 1987},
  publisher = {{IEEE} Computer Society},
  year      = {1987},
  timestamp = {Tue, 19 Nov 2013 18:10:37 +0100},
  biburl    = {http://dblp.uni-trier.de/rec/bib/conf/lics/1987},
  bibsource = {dblp computer science bibliography, http://dblp.org}
}

@article{DBLP:journals/tcs/Hilken96,
  author    = {Barney P. Hilken},
  title     = {Towards a Proof Theory of Rewriting: The Simply Typed 2lambda-Calculus},
  journal   = {Theor. Comput. Sci.},
  volume    = {170},
  number    = {1-2},
  pages     = {407--444},
  year      = {1996},
  url       = {http://dx.doi.org/10.1016/S0304-3975(96)80713-4},
  doi       = {10.1016/S0304-3975(96)80713-4},
  timestamp = {Wed, 19 Nov 2003 16:10:43 +0100},
  biburl    = {http://dblp.uni-trier.de/rec/bib/journals/tcs/Hilken96},
  bibsource = {dblp computer science bibliography, http://dblp.org}
}

@inproceedings{DBLP:conf/popl/MelliesZ15,
  author    = {Paul{-}Andr{\'{e}} Melli{\`{e}}s and
               Noam Zeilberger},
  title     = {Functors are Type Refinement Systems},
  booktitle = {Proceedings of the 42nd Annual {ACM} {SIGPLAN-SIGACT} Symposium on
               Principles of Programming Languages, {POPL} 2015, Mumbai, India, January
               15-17, 2015},
  pages     = {3--16},
  year      = {2015},
  crossref  = {DBLP:conf/popl/2015},
  url       = {http://doi.acm.org/10.1145/2676726.2676970},
  doi       = {10.1145/2676726.2676970},
  timestamp = {Sat, 20 Dec 2014 16:58:56 +0100},
  biburl    = {http://dblp.uni-trier.de/rec/bib/conf/popl/MelliesZ15},
  bibsource = {dblp computer science bibliography, http://dblp.org}
}

@proceedings{DBLP:conf/popl/2015,
  editor    = {Sriram K. Rajamani and
               David Walker},
  title     = {Proceedings of the 42nd Annual {ACM} {SIGPLAN-SIGACT} Symposium on
               Principles of Programming Languages, {POPL} 2015, Mumbai, India, January
               15-17, 2015},
  publisher = {{ACM}},
  year      = {2015},
  url       = {http://dl.acm.org/citation.cfm?id=2676726},
  isbn      = {978-1-4503-3300-9},
  timestamp = {Sat, 20 Dec 2014 16:56:16 +0100},
  biburl    = {http://dblp.uni-trier.de/rec/bib/conf/popl/2015},
  bibsource = {dblp computer science bibliography, http://dblp.org}
}

@inproceedings{djoin,
  author = "Fournet, C{\'e}dric and Gontheir, Georges and L{\'e}vy, Jean-Jacques and Maranget, Luc and R{\'e}my, Didier",
  title  = "A Calculus of Mobile Agents",
  booktitle = "CONCUR 1996",
  year   = 1996,
  editor = "Ugo Montanari and Vladimiro Sassone",
  volume = 1119,
  series = "Lecture Notes in Computer Science",
  pages  = "406--421",
  publisher = "Springer-Verlag",
  url    = "http:// research.microsoft.com/ ~fournet/ papers/calculus-of-mobile-agents.ps",
}

@article{facile,
  author =       "B. Thomsen",
  title =        "{A Theory of Higher Order Communication Systems}",
  journal =      "Information and Computation",
  year =         "1995",
  volume =       "116",
  number =       "1",
  pages =        "38--57",
}

@article{hop,
  author =       "Davide Sangiorgi",
  title =        "Bisimulation in Higher-Order Process Calculi",
  journal =      "Information and Computation",
  year =         "1996",
  volume =       "131",
  pages =        "141--178",
  URL =          "http://www.inria.fr/RRRT/RR-2508.html",
}

@article{rosette,
  author = "Chris Tomlinson and Won Kim and Mark Scheevel and Vineet Singh and B. Will and Gul Agha",
  title = "Rosette: An object-oriented concurrent systems architecture", 
  journal = "SIGPLAN Notices",
  volume = "24(4)",
  pages = "91--93", 
  year = "1989",
}

@article{r5rs,
  author = "H. Abelson and R.K. Dybvig and C.T. Haynes and G.J. Rozaz and N.I. Adams IV and D.P. Friedman and E. Kohlbecker and G.L. Steele, Jr. and D.H. Bartley and R. Halstead and D. Oxley and G.J. Sussman and G. Brooks and C. Hanson and K.M. Pitman and M. Wand",
  editor = "Richard Kelsey and William Clinger and Jonathan Rees",
  title = "Revised5 Report on the Algorithmic Language Scheme",
  journal = "Higher-order and Symbolic Computation",
  volume = "11",
  pages ="7--105",
  publisher = "Kluwer",
  year = "1998",
}

@article{polysync,
  title = "On the Expressive Power of Polyadic Synchronisation in Pi-Calculus", 
  author = "M.Carbone and S.Maffeis", 
  journal = "Nordic Journal of Computing", 
  volume = "10(2)",
  pages = "70--98",
  year = "2003",
}

@inproceedings{lisp3,
  author = "J. des Rivieres and B. C. Smith",
  title = "The implementation of procedurally reflective languages",
  booktitle = "ACM Symposium on Lisp and Functional Programming", 
  pages = "331--347", 
  year = "1984",
}

@unpublished{globalpi,
  author = "Lucian Wischik",
  title  = "Old Names for Nu",
  note   = "Submitted for publication",
  year   = "2004",
}

@unpublished{JavaReflection,
  author = "Sun Microsoft Inc.",
  title = "Java Core Reflection API and Specification",
  note = "http://sunsite.tus.ac.jp/java/docs/jdk1.1/java-reflection.pdf"
}

@unpublished{biztalk, 
author = "\mbox{Microsoft} Corporation",
title = "Microsoft BizTalk Server",
note = "microsoft.com/biztalk/default.asp", 
}

@unpublished{Fontana,
  author = "Walter Fontana",
  title  = "private conversation",
  year   = "2004",
}

@unpublished{rholang,
  author = {L.G. Meredith and J. Pettersen and G. Stepenson},
  title = {Contracts, Composition, and Scaling: rholang spec 0.1},
  year = {2016},
  url = {https://docs.google.com/document/d/1gnBCGe6KLjYnahktmPSm_-8V4jX53Zk10J-KFQl7mf8/edit?usp=sharing}
}

@book{MilnerPi,
  altauthor = 	 {Milner, Robin},
  author = "Robin Milner",
  alteditor = 	 {},
  title = 	 {Communicating and Mobile Systems: the $\pi$-Calculus},
  publisher = 	 {Cambridge University Press},
  year = 	 {1999},
}

@book{SangiorgiWalker,
  altauthor = 	 {D. Sangiorgi and D. Walker},
  author = "David Sangiorgi and David Walker",
  alteditor = 	 {},
  title = 	 {The $\pi$-Calculus: A Theory of Mobile Processes},
  publisher = 	 {Cambridge University Press},
  year = 	 {2001},
}

@inproceedings{Krivine-TheCurryHowardCorre,
  author =     {Jean-Louis Krivine},
  title =      {The Curry-Howard Correspondence in Set Theory},
  booktitle =          {Proceedings of the Fifteenth Annual IEEE Symp. on Logic in Computer Science, {LICS} 2000},
  pages =      {},
  year =       2000,
  editor =     {Martin Abadi},
  month =      {June},
  location =   {Santa Barbara, CA, USA},
  publisher =  {IEEE Computer Society Press}
  }

@book{Barendregt84,
  author  = {Hendrik Pieter Barendregt},
  title   = {{The Lambda Calculus -- Its Syntax and Semantics}},
  publisher = {North-Holland},
  year    = 1984,
  volume  = {103},
  series  = {Studies in Logic and the Foundations of Mathematics},
  topics  = {FP - Lambda Calculi}
}

@book{ONAG,
  author  = {John Horton Conway},
  title   = {{On Numbers and Games}},
  publisher = {Academic Press},
  year    = 1976,
}

@inproceedings{DBLP:conf/tacs/Milner97,
  author    = {Robin Milner},
  title     = {Strong Normalisation in Higher-Order Action Calculi.},
  booktitle = {TACS},
  year      = {1997},
  pages     = {1--19},
  crossref  = {conf/tacs/1997},
  bibsource = {DBLP, http://dblp.uni-trier.de}
}

@inproceedings{DBLP:conf/concur/HermidaP95,
  author    = {Claudio Hermida and
               John Power},
  title     = {Fibrational Control Structures.},
  booktitle = {CONCUR},
  year      = {1995},
  pages     = {117--129},
  crossref  = {conf/concur/1995},
  bibsource = {DBLP, http://dblp.uni-trier.de}
}

@incollection{GabbayMJ:picfm,
  author = 	 {M.~J.~Gabbay},
  title = 	 {The $\pi$-calculus in {FM}},
  booktitle = 	 {Thirty-five years of {A}utomath},
  publisher =    {Kluwer},
  year = 	 {2003},
  editor = 	 {Fairouz Kamareddine},
  }

@article{DBLP:journals/entcs/MeredithR05,
  author = {L. Gregory Meredith and Matthias Radestock},
  bibsource = {DBLP, http://dblp.uni-trier.de},
  date-added = {2007-05-14 14:24:05 -0500},
  date-modified = {2007-05-14 14:24:06 -0500},
  ee = {http://dx.doi.org/10.1016/j.entcs.2005.05.016},
  journal = {Electr. Notes Theor. Comput. Sci.},
  number = {5},
  pages = {49--67},
  title = {A Reflective Higher-order Calculus.},
  volume = {141},
  year = {2005}
}

@inproceedings{DBLP:conf/tgc/MeredithR05,
  author = {L. Gregory Meredith and Matthias Radestock},
  bibsource = {DBLP, http://dblp.uni-trier.de},
  booktitle = {TGC},
  crossref = {DBLP:journals/entcs/MeredithR05},
  date-added = {2007-05-14 14:24:05 -0500},
  date-modified = {2007-05-14 14:24:06 -0500},
  ee = {http://dx.doi.org/10.1007/11580850_19},
  pages = {353--369},
  title = {Namespace Logic: A Logic for a Reflective Higher-Order Calculus.},
  year = {2005}
}

@inproceedings{Drossopoulou:2013:NCP:2489804.2489811,
 author = {Drossopoulou, Sophia and Noble, James},
 title = {The need for capability policies},
 booktitle = {Proceedings of the 15th Workshop on Formal Techniques for Java-like Programs},
 series = {FTfJP '13},
 year = {2013},
 isbn = {978-1-4503-2042-9},
 location = {Montpellier, France},
 pages = {6:1--6:7},
 articleno = {6},
 numpages = {7},
 url = {http://doi.acm.org/10.1145/2489804.2489811},
 doi = {10.1145/2489804.2489811},
 acmid = {2489811},
 publisher = {ACM},
 address = {New York, NY, USA},
 keywords = {Grace, Java, JavaScript, object-capability security, security},
} 

@inproceedings{DBLP:conf/fossacs/Caires04,
 author = {Lu\'{i}s Caires},
 bibsource = {DBLP, http://dblp.uni-trier.de},
 booktitle = {FoSSaCS},
 date-added = {2007-05-14 14:24:05 -0500},
 date-modified = {2007-05-14 14:24:06 -0500},
 ee = {http://springerlink.metapress.com/openurl.asp?genre=article{\&}issn=0302-9743{\&}volume=2987{\&}spage=72},
 pages = {72--89},
 title = {Behavioral and Spatial Observations in a Logic for the pi-Calculus.},
 year = {2004}
}

@inproceedings{Caires,
 author = {Caires, Luis},
 title = {Logical Semantics of Types for Concurrency},
 booktitle = {\em Algebra and Coalgebra in Computer Science},
 series = {Lecture Notes in Computer Science (2007)},
 year = {2007},
 pages = {16--35},
 url = {http://ctp.di.fct.unl.pt/~lcaires/papers/CALCO-Caires-1.0.pdf}
 }

@article{Curry,
 author = {Curry, H},
 title = {Grundlagen der Kombinatorischen Logik},
 journal = {\em American Journal of Mathematics},
 pages = {509--536},
 year = {1930},
 volume = {\bf 52 (3)}
 }

@book{Graetzer,
  author  = {G. Gr\"atzer},
  title   = {\em Universal Algebra},
  publisher = {Van Nostrand},
  year    = {1968},
}

@article{DBLP:journals/entcs/HylandP07,
  author    = {Martin Hyland and
               John Power},
  title     = {The Category Theoretic Understanding of Universal Algebra: Lawvere
               Theories and Monads},
  journal   = {Electr. Notes Theor. Comput. Sci.},
  volume    = {172},
  pages     = {437--458},
  year      = {2007},
  url       = {http://dx.doi.org/10.1016/j.entcs.2007.02.019},
  doi       = {10.1016/j.entcs.2007.02.019},
  timestamp = {Thu, 10 May 2007 14:52:20 +0200},
  biburl    = {http://dblp.uni-trier.de/rec/bib/journals/entcs/HylandP07},
  bibsource = {dblp computer science bibliography, http://dblp.org}
}

@article{DBLP:journals/corr/MeredithSD13,
  author    = {Lucius Gregory Meredith and
               Mike Stay and
               Sophia Drossopoulou},
  title     = {Policy as Types},
  journal   = {CoRR},
  volume    = {abs/1307.7766},
  year      = {2013},
  url       = {http://arxiv.org/abs/1307.7766},
  timestamp = {Fri, 01 May 2015 16:40:59 +0200},
  biburl    = {http://dblp.uni-trier.de/rec/bib/journals/corr/MeredithSD13},
  bibsource = {dblp computer science bibliography, http://dblp.org}
}

@article{DBLP:journals/acs/LackR11,
  author    = {Stephen Lack and
               Jir{\'{\i}} Rosick{\'{y}}},
  title     = {Notions of Lawvere Theory},
  journal   = {Applied Categorical Structures},
  volume    = {19},
  number    = {1},
  pages     = {363--391},
  year      = {2011},
  url       = {http://dx.doi.org/10.1007/s10485-009-9215-2},
  doi       = {10.1007/s10485-009-9215-2},
  timestamp = {Wed, 16 Feb 2011 09:31:20 +0100},
  biburl    = {http://dblp.uni-trier.de/rec/bib/journals/acs/LackR11},
  bibsource = {dblp computer science bibliography, http://dblp.org}
}

@article{Lambek,
    author={J. Lambek},
    title={From lambda calculus to cartesian closed categories},
    pages = {376--402},
    booktitle = {\em To H. B. Curry: Essays on Combinatory Logic, Lambda Calculus and Formalism},
    year=1980,
}

@article{DBLP:journals/corr/StayM15,
  author    = {Mike Stay and
               Lucius Gregory Meredith},
  title     = {Higher category models of the pi-calculus},
  journal   = {CoRR},
  volume    = {abs/1504.04311},
  year      = {2015},
  url       = {http://arxiv.org/abs/1504.04311},
  timestamp = {Sat, 02 May 2015 17:50:32 +0200},
  biburl    = {http://dblp.uni-trier.de/rec/bib/journals/corr/StayM15},
  bibsource = {dblp computer science bibliography, http://dblp.org}
}

@article{DBLP:journals/jlp/RosuS10,
  author    = {Grigore Rosu and
               Traian{-}Florin Serbanuta},
  title     = {An overview of the {K} semantic framework},
  journal   = {J. Log. Algebr. Program.},
  volume    = {79},
  number    = {6},
  pages     = {397--434},
  year      = {2010},
  url       = {http://dx.doi.org/10.1016/j.jlap.2010.03.012},
  doi       = {10.1016/j.jlap.2010.03.012},
  timestamp = {Tue, 01 Feb 2011 20:11:02 +0100},
  biburl    = {http://dblp.uni-trier.de/rec/bib/journals/jlp/RosuS10},
  bibsource = {dblp computer science bibliography, http://dblp.org}
}

@inproceedings{DBLP:conf/gttse/Sloane09,
  author    = {Anthony M. Sloane},
  title     = {Lightweight Language Processing in Kiama},
  booktitle = {Generative and Transformational Techniques in Software Engineering
               {III} - International Summer School, {GTTSE} 2009, Braga, Portugal,
               July 6-11, 2009. Revised Papers},
  pages     = {408--425},
  year      = {2009},
  crossref  = {DBLP:conf/gttse/2009},
  url       = {http://dx.doi.org/10.1007/978-3-642-18023-1_12},
  doi       = {10.1007/978-3-642-18023-1_12},
  timestamp = {Tue, 14 Jun 2011 21:10:18 +0200},
  biburl    = {http://dblp.uni-trier.de/rec/bib/conf/gttse/Sloane09},
  bibsource = {dblp computer science bibliography, http://dblp.org}
}

@proceedings{DBLP:conf/gttse/2009,
  editor    = {Jo{\~{a}}o M. Fernandes and
               Ralf L{\"{a}}mmel and
               Joost Visser and
               Jo{\~{a}}o Saraiva},
  title     = {Generative and Transformational Techniques in Software Engineering
               {III} - International Summer School, {GTTSE} 2009, Braga, Portugal,
               July 6-11, 2009. Revised Papers},
  series    = {Lecture Notes in Computer Science},
  volume    = {6491},
  publisher = {Springer},
  year      = {2011},
  url       = {http://dx.doi.org/10.1007/978-3-642-18023-1},
  doi       = {10.1007/978-3-642-18023-1},
  isbn      = {978-3-642-18022-4},
  timestamp = {Tue, 14 Jun 2011 21:10:18 +0200},
  biburl    = {http://dblp.uni-trier.de/rec/bib/conf/gttse/2009},
  bibsource = {dblp computer science bibliography, http://dblp.org}
}

@article{ Trimble,
  author = {Trimble, T},
  title = {Multisorted Lawvere theories},
  url = {http://ncatlab.org/nlab/show/bicartesian+closed+category}
}

@incollection{Schonfinkel,
    author = {Sch{\"o}nfinkel, Moses},
    booktitle = {From Frege to G{\"o}del: A Source Book in Mathematical Logic, 1879--1931},
    citeulike-article-id = {822048},
    editor = {van Heijenoort, Jean},
    keywords = {bibtex-import},
    pages = {355--366},
    posted-at = {2006-08-30 14:42:18},
    priority = {0},
    publisher = {iuniverse.com},
    title = {{On the Building Blocks of Mathematical Logic}},
    year = {1924}
}

@phdthesis{Lawvere,
    author = {Lawvere, William F.},
    citeulike-article-id = {762448},
    citeulike-linkout-0 = {http://tac.mta.ca/tac/reprints/articles/5/tr5.pdf},
    citeulike-linkout-1 = {http://tac.mta.ca/tac/reprints/articles/5/tr5abs.html},
    journal = {Reprints in Theory and Applications of Categories},
    keywords = {category-theory},
    pages = {1--121},
    posted-at = {2006-07-17 21:36:46},
    priority = {2},
    title = {{Functorial Semantics of Algebraic Theories}},
    url = {http://tac.mta.ca/tac/reprints/articles/5/tr5.pdf},
    volume = {4},
    year = {2004}
}

@inproceedings{Honda:2008:UTP:2227536.2227558,
 author = {Honda, Kohei and Yoshida, Nobuko},
 title = {A unified theory of program logics: an approach based on the $\pi$-calculus},
 booktitle = {Proceedings of the 2008 international conference on Visions of Computer Science: BCS International Academic Conference},
 series = {VoCS'08},
 year = {2008},
 location = {London, UK},
 pages = {259--274},
 numpages = {16},
 url = {http://dl.acm.org/citation.cfm?id=2227536.2227558},
 acmid = {2227558},
 publisher = {British Computer Society},
 address = {Swinton, UK, UK},
 keywords = {Hennessy-Milner logics, hoare logics, logical full abstraction, relay-guarantee logic, the {\$\pi\$}-calculus, types},
}

@incollection{DBLP:LNCS/Sangiorgi06,
year={2006},
isbn={978-3-540-34893-1},
booktitle={Formal Methods for Open Object-Based Distributed Systems},
volume={4037},
series={Lecture Notes in Computer Science},
editor={Gorrieri, Roberto and Wehrheim, Heike},
doi={10.1007/11768869_3},
title={The Bisimulation Proof Method: Enhancements and Open Problems},
url={http://dx.doi.org/10.1007/11768869_3},
publisher={Springer Berlin Heidelberg},
author={Sangiorgi, Davide},
pages={18--19}
}

@article{Meredith:2003:CT:944217.944236,
 author = {Meredith, L. G. and Bjorg, Steve},
 title = {Contracts and types},
 journal = {Commun. ACM},
 issue_date = {October 2003},
 volume = {46},
 number = {10},
 month = oct,
 year = {2003},
 issn = {0001-0782},
 pages = {41--47},
 numpages = {7},
 url = {http://doi.acm.org/10.1145/944217.944236},
 doi = {10.1145/944217.944236},
 acmid = {944236},
 publisher = {ACM},
 address = {New York, NY, USA},
} 

@techreport{Yee:EECS-2007-136,
    Author = {Yee, Ka-Ping},
    Title = {Report on the Pvote security review},
    Institution = {EECS Department, University of California, Berkeley},
    Year = {2007},
    Month = {Nov},
    URL = {http://www.eecs.berkeley.edu/Pubs/TechRpts/2007/EECS-2007-136.html},
    Number = {UCB/EECS-2007-136},
    Abstract = {This document reports on the source code review of the Pvote software.  Pvote is prototype software for electronic voting machines.  The software and the scope of the review are described in UCB EECS Technical Report 2007-40.}
}

@misc{Caja:2013,
 author = {Google Inc.},
 title = {Html Service: Caja Sanitization},
 howpublished = {\url{https://developers.google.com/apps-script/guides/html-service-caja}},
 year = 2013,
 url = {https://developers.google.com/apps-script/guides/html-service-caja}
}

@article{Abramsky:1992:PP:194588.194591,
 author = {Abramsky, Samson},
 title = {Proofs as processes},
 journal = {Theor. Comput. Sci.},
 issue_date = {Dec. 5, 1994},
 volume = {135},
 number = {1},
 month = apr,
 year = {1992},
 issn = {0304-3975},
 pages = {5--9},
 numpages = {5},
 url = {http://dx.doi.org/10.1016/0304-3975(94)00103-0},
 doi = {10.1016/0304-3975(94)00103-0},
 acmid = {194591},
 publisher = {Elsevier Science Publishers Ltd.},
 address = {Essex, UK},
}

@article{DBLP:journals/apal/Abramsky91,
  author    = {Samson Abramsky},
  title     = {Domain Theory in Logical Form},
  journal   = {Ann. Pure Appl. Logic},
  volume    = {51},
  number    = {1-2},
  pages     = {1--77},
  year      = {1991},
  url       = {http://dx.doi.org/10.1016/0168-0072(91)90065-T},
  doi       = {10.1016/0168-0072(91)90065-T},
  timestamp = {Fri, 01 Jul 2011 13:41:58 +0200},
  biburl    = {http://dblp.uni-trier.de/rec/bib/journals/apal/Abramsky91},
  bibsource = {dblp computer science bibliography, http://dblp.org}
}

@misc{Eich:2013,
  author        = "Eich, Brendan",
  howpublished  = "\url{https://mail.mozilla.org/pipermail/es-discuss/2013-March/029080.html}",
  year          = "2013",
  url           = {https://mail.mozilla.org/pipermail/es-discuss/2013-March/029080.html}
}

@incollection{PierceTurner:PictDesign,
  author = {Benjamin C. Pierce and David N. Turner},
  title = {Pict: A Programming Language Based on the Pi-Calculus},
  year = {2000},
  booktitle = {Proof, Language and Interaction: Essays in Honour of Robin
                  Milner},
  editor = {Gordon Plotkin and Colin Stirling and Mads Tofte},
  publisher = {MIT Press},
  pages = {455--494},
  checked = {Yes},
  plclub = {Yes},
  bcp = {Yes},
  full = {http://www.cis.upenn.edu/~bcpierce/papers/pict-design.ps},
  keys = {pict}
}

@phdthesis{kosik:dep,
  author = {Matej Ko\u{s}\'{i}k},
  title = {{A Contribution to Techniques for Building Dependable Operating Systems}},
  year = 2011,
  month = may,
  school = {Slovak University of Technology in Bratislava}
}

@inproceedings{conf/fsttcs/Odersky95,
  added-at = {2009-10-02T00:00:00.000+0200},
  author = {Odersky, Martin},
  biburl = {http://www.bibsonomy.org/bibtex/25aa2b65adde4f157bef1d8961cdb872f/dblp},
  booktitle = {FSTTCS},
  crossref = {conf/fsttcs/1995},
  date = {2009-10-02},
  description = {dblp},
  editor = {Thiagarajan, P. S.},
  ee = {http://dx.doi.org/10.1007/3-540-60692-0_58},
  interhash = {eb6016cd6d3e59db601e3995b55868f9},
  intrahash = {5aa2b65adde4f157bef1d8961cdb872f},
  isbn = {3-540-60692-0},
  keywords = {dblp},
  pages = {324--337},
  publisher = {Springer},
  series = {Lecture Notes in Computer Science},
  timestamp = {2009-10-02T00:00:00.000+0200},
  title = {Polarized Name Passing.},
  url = {http://dblp.uni-trier.de/db/conf/fsttcs/fsttcs95.html#Odersky95},
  volume = 1026,
  year = 1995
}

@MISC{Caires04eliminationof,
  author = {Lu\'{i}s Caires and Etienne Lozes},
  title = {Elimination of Quantifiers and Undecidability in Spatial Logics for Concurrency},
  year = {2004}
}

@article{Hoare:1969:ABC:363235.363259,
 author = {Hoare, C. A. R.},
 title = {An axiomatic basis for computer programming},
 journal = {Commun. ACM},
 issue_date = {Oct. 1969},
 volume = {12},
 number = {10},
 month = oct,
 year = {1969},
 issn = {0001-0782},
 pages = {576--580},
 numpages = {5},
 url = {http://doi.acm.org/10.1145/363235.363259},
 doi = {10.1145/363235.363259},
 acmid = {363259},
 publisher = {ACM},
 address = {New York, NY, USA},
 keywords = {axiomatic method, formal language definition, machine-independent programming, program documentation, programming language design, theory of programming' proofs of programs},
} 
@INPROCEEDINGS{CirsteaFaureKirchnerWLRA2004,
  author = {Cirstea,~Horatiu and Faure,~Germain and Kirchner,~Claude},
  title = {A rho-calculus of explicit constraint application},
  booktitle = {Proceedings of the 5th workshop on rewriting logic
                     and applications},
  year = {2004},
  publisher = {vol. 117 of Electronic Notes in Theoretical Computer Science},
  pdf = {data/wrla2004-19.pdf}
}
@misc{Protunity,
  author = {Wadood Ibrahim and Jassen Klassen and Lucius G. Meredith},
  title = {Protunity Business Matching Network},
  howpublished = {\url{http://www.protunity.com}},
  note = {Launched April 2013}
}
@misc{SpecialK,
  author = {Lucius G. Meredith},
  title = {SpecialK Scala Library},
  howpublished = {\url{https://github.com/leithaus/SpecialK}},
  note = {Launched April 2013}
}
@INPROCEEDINGS{Brown05piduce:a,
    author = {Allen L. Brown and Cosimo Laneve and L. Gregory Meredith},
    title = {PiDuce: A process calculus with native XML datatypes},
    booktitle = {In Proc. of EPEW05/WS-F0M5, volume 3670 of Lect},
    year = {2005},
    pages = {18--34},
    publisher = {Springer}
}

@techreport{mandel:inria-00166125,
  TITLE = {{Programming in JoCaml --- Extended Version}},
  AUTHOR = {Mandel, Louis and Maranget, Luc},
  URL = {https://hal.inria.fr/inria-00166125},
  TYPE = {Research Report},
  NUMBER = {RR-6261},
  YEAR = {2007},
  KEYWORDS = {concurrency ; distributed programming ; programming language ; functional programming ; join-calculus ; ML ; concurrency ; distributed programming ; programming language ; functional programming ; join-calculus ; ML},
  HAL_ID = {inria-00166125},
  HAL_VERSION = {v2},
}

@article{DBLP:journals/jfp/SewellNOPRSS10,
  author    = {Peter Sewell and
               Francesco Zappa Nardelli and
               Scott Owens and
               Gilles Peskine and
               Thomas Ridge and
               Susmit Sarkar and
               Rok Strnisa},
  title     = {Ott: Effective tool support for the working semanticist},
  journal   = {J. Funct. Program.},
  volume    = {20},
  number    = {1},
  pages     = {71--122},
  year      = {2010},
  url       = {http://dx.doi.org/10.1017/S0956796809990293},
  doi       = {10.1017/S0956796809990293},
  timestamp = {Mon, 22 Mar 2010 12:02:58 +0100},
  biburl    = {http://dblp.uni-trier.de/rec/bib/journals/jfp/SewellNOPRSS10},
  bibsource = {dblp computer science bibliography, http://dblp.org}
}

