%-*- mode: BibTeX;-*-
%Filename:    Xbib.bib
%Authors:     salmanb
%Creation:    Wed Aug 06 11:39:26 2003
%Copyright:   Not supplied
%Description:
------------------------------------------------------------------------

@ARTICLE{ milner91polyadicpi,
    author = "Robin Milner",
    title = "The polyadic $\pi$-calculus: A tutorial",
    journal = "Logic and Algebra of Specification",
    editor = "F.L. Hamer, W. Brauer, H. Schwichtenberg",
    volume = "Springer-Verlag",
    year = "1993",
    url = "http://www.lfcs.informatics.ed.ac.uk/reports/91/ECS-LFCS-91-180/ECS-LFCS-91-180.ps" }

@InProceedings{djoin,
  author = "Fournet, C{\'e}dric and Gontheir, Georges and L{\'e}vy, Jean-Jacques and Maranget, Luc and R{\'e}my, Didier",
  title  = "A Calculus of Mobile Agents",
  booktitle = "CONCUR 1996",
  year   = 1996,
  editor = "Ugo Montanari and Vladimiro Sassone",
  volume = 1119,
  series = "Lecture Notes in Computer Science",
  pages  = "406--421",
  publisher = "Springer-Verlag",
  url    = "http:// research.microsoft.com/ ~fournet/ papers/
calculus-of-mobile-agents.ps",
}

@Article{facile,
  author =       "B. Thomsen",
  title =        "{A Theory of Higher Order Communication Systems}",
  journal =      "Information and Computation",
  year =         "1995",
  volume =       "116",
  number =       "1",
  pages =        "38--57",
}

@Article{hop,
  author =       "Davide Sangiorgi",
  title =        "Bisimulation in Higher-Order Process Calculi",
  journal =      "Information and Computation",
  year =         "1996",
  volume =       "131",
  pages =        "141--178",
  URL =          "http://www.inria.fr/RRRT/RR-2508.html",
}

@Article{rosette,
  author = "Chris Tomlinson and Won Kim and Mark Scheevel and Vineet Singh and B. Will and Gul Agha",
  title = "Rosette: An object-oriented concurrent systems architecture", 
  journal = "SIGPLAN Notices",
  volume = "24(4)",
  pages = "91-93", 
  year = "1989",
}

@Article{r5rs,
  author = "H. Abelson and R.K. Dybvig and C.T. Haynes and G.J. Rozaz and N.I. Adams IV and D.P. Friedman and E. Kohlbecker and G.L. Steele, Jr. and D.H. Bartley and R. Halstead and D. Oxley and G.J. Sussman and G. Brooks and C. Hanson and K.M. Pitman and M. Wand",
  editor = "Richard Kelsey and William Clinger and Jonathan Rees",
  title = "Revised5 Report on the Algorithmic Language Scheme",
  journal = "Higher-order and Symbolic Computation",
  volume = "11",
  pages ="7-105",
  publisher = "Kluwer",
  year = "1998",
}

@Article{polysync,
  title = "On the Expressive Power of Polyadic Synchronisation in Pi-Calculus", 
  author = "M.Carbone and S.Maffeis", 
  journal = "Nordic Journal of Computing", 
  volume = "10(2)",
  pages = "70-98",
  year = "2003",
}

@InProceedings{lisp3,
  author = "J. des Rivieres and B. C. Smith",
  title = "The implementation of procedurally reflective languages",
  booktitle = "ACM Symposium on Lisp and Functional Programming", 
  pages = "331-347", 
  year = "1984",
}

@Unpublished{globalpi,
  author = "Lucian Wischik",
  title  = "Old Names for Nu",
  note   = "Submitted for publication",
  year   = "2004",
}

@Unpublished{JavaReflection,
  author = "Sun Microsoft Inc.",
  title = "Java Core Reflection API and Specification",
  note = "http://sunsite.tus.ac.jp/java/docs/jdk1.1/java-reflection.pdf"
}

@Unpublished{biztalk, 
author = "\mbox{Microsoft} Corporation",
title = "Microsoft BizTalk Server",
note = "microsoft.com/biztalk/default.asp", 
}

@Unpublished{Fontana,
  author = "Walter Fontana",
  title  = "private conversation",
  year   = "2004",
}

@Book{MilnerPi,
  ALTauthor = 	 {Milner, Robin},
  author = "Robin Milner",
  ALTeditor = 	 {},
  title = 	 {Communicating and Mobile Systems: the $\pi$-Calculus},
  publisher = 	 {Cambridge University Press},
  year = 	 {1999},
}

@Book{SangiorgiWalker,
  ALTauthor = 	 {D. Sangiorgi and D. Walker},
  author = "David Sangiorgi and David Walker",
  ALTeditor = 	 {},
  title = 	 {The $\pi$-Calculus: A Theory of Mobile Processes},
  publisher = 	 {Cambridge University Press},
  year = 	 {2001},
}

@InProceedings{Krivine-TheCurryHowardCorre,
    author =     {Jean-Louis Krivine},
    title =      {The Curry-Howard Correspondence in Set Theory},
    booktitle =          {Proceedings of the Fifteenth Annual IEEE Symp. on Logic in Computer Science, {LICS} 2000},
    pages =      {},
    year =       2000,
    editor =     {Martin Abadi},
    month =      {June},
    location =   {Santa Barbara, CA, USA},
    publisher =  {IEEE Computer Society Press}
  }

@book{Barendregt84,
  author  = {Hendrik Pieter Barendregt},
  title   = {{The Lambda Calculus -- Its Syntax and Semantics}},
  publisher = {North-Holland},
  year    = 1984,
  volume  = {103},
  series  = {Studies in Logic and the Foundations of Mathematics},
  topics  = {FP - Lambda Calculi}
}

@book{ONAG,
  author  = {John Horton Conway},
  title   = {{On Numbers and Games}},
  publisher = {Academic Press},
  year    = 1976,
}

@inproceedings{DBLP:conf/tacs/Milner97,
  author    = {Robin Milner},
  title     = {Strong Normalisation in Higher-Order Action Calculi.},
  booktitle = {TACS},
  year      = {1997},
  pages     = {1-19},
  crossref  = {conf/tacs/1997},
  bibsource = {DBLP, http://dblp.uni-trier.de}
}

@inproceedings{DBLP:conf/concur/HermidaP95,
  author    = {Claudio Hermida and
               John Power},
  title     = {Fibrational Control Structures.},
  booktitle = {CONCUR},
  year      = {1995},
  pages     = {117-129},
  crossref  = {conf/concur/1995},
  bibsource = {DBLP, http://dblp.uni-trier.de}
}

@InCollection{GabbayMJ:picfm,
  author = 	 {M.~J.~Gabbay},
  title = 	 {The $\pi$-calculus in {FM}},
  booktitle = 	 {Thirty-five years of {A}utomath},
  publisher =    {Kluwer},
  year = 	 {2003},
  editor = 	 {Fairouz Kamareddine},
  }
